<record><leader>00000cas a22000007a 4500</leader><controlfield tag="001">13326208</controlfield><controlfield tag="008">860322d19001903nvuwr ne      0    0eng d</controlfield><datafield ind1=" " ind2=" " tag="010"><subfield code="a">sn 86091289 </subfield></datafield><datafield ind1=" " ind2=" " tag="040"><subfield code="a">UNP</subfield><subfield code="b">eng</subfield><subfield code="c">UNP</subfield><subfield code="d">NNX</subfield><subfield code="d">UNP</subfield><subfield code="d">NNX</subfield><subfield code="d">OCLCQ</subfield></datafield><datafield ind1=" " ind2=" " tag="042"><subfield code="a">msc</subfield></datafield><datafield ind1=" " ind2="4" tag="050"><subfield code="a">AN2.N3</subfield><subfield code="b">W43</subfield></datafield><datafield ind1="0" ind2=" " tag="130"><subfield code="a">Weekly (Carson City, Nev. : 1900)</subfield></datafield><datafield ind1="1" ind2="4" tag="245"><subfield code="a">The Weekly.</subfield></datafield><datafield ind1="1" ind2="3" tag="246"><subfield code="a">Monday weekly</subfield></datafield><datafield ind1=" " ind2=" " tag="260"><subfield code="a">Carson City, Nev. :</subfield><subfield code="b">Meder &amp; Smith,</subfield><subfield code="c">1900-1903.</subfield></datafield><datafield ind1=" " ind2=" " tag="300"><subfield code="a">7 v.</subfield></datafield><datafield ind1=" " ind2=" " tag="310"><subfield code="a">Weekly</subfield></datafield><datafield ind1="0" ind2=" " tag="362"><subfield code="a">Vol. 1, no. 1 (Jan. 28, 1900)-v. 7, no. 13 (Apr. 20, 1903).</subfield></datafield><datafield ind1=" " ind2=" " tag="500"><subfield code="a">Title varies slightly as: Monday weekly, Apr. 2, 1900-Dec. 10, 1900.</subfield></datafield><datafield ind1=" " ind2=" " tag="500"><subfield code="a">"Republican."</subfield></datafield><datafield ind1=" " ind2=" " tag="525"><subfield code="a">Supplements accompany some issues.</subfield></datafield><datafield ind1=" " ind2=" " tag="752"><subfield code="a">United States</subfield><subfield code="b">Nevada</subfield><subfield code="c">Ormsby</subfield><subfield code="d">Carson City.</subfield></datafield><datafield ind1=" " ind2=" " tag="752"><subfield code="a">United States</subfield><subfield code="b">Nevada</subfield><subfield code="c">Carson City</subfield><subfield code="d">Carson City.</subfield></datafield><datafield ind1="0" ind2="0" tag="785"><subfield code="t">Monday weekly</subfield><subfield code="w">(DLC)sn 86076147</subfield><subfield code="w">(OCoLC)13622960</subfield></datafield></record>